@INCOLLECTION{berlekamp,
   AUTHOR = "Berlekamp, E. R. and Conway, J. H. and Guy, R. K.",
   BOOKTITLE = "Winning Ways for Your Mathematical Plays",
   VOLUME = 2,
   TITLE = "Games in Particular",
   PUBLISHER = "Academic Press",
   ADDRESS = "London",
   YEAR = 1982
}

@BOOK{bessy,
   AUTHOR = "De Bessy, B. F.",
   TITLE = "Des quarrez magiques",
   PUBLISHER = "De l'Imprimerie Royale par Jean Anisson",
   ADDRESS = "Paris",
   YEAR = 1693
}

@ARTICLE{euler,
   AUTHOR = "Euler, L.",
   TITLE = "De quadratis magicis",
   JOURNAL = "Commentationes Arithmeticae",
   VOLUME = 2,
   YEAR = 1849,
   PAGES = "593--602"
}

@ARTICLE{gardner,
   AUTHOR = "Gardner, M.",
   TITLE = "Mathematical Games",
   JOURNAL = "Scientific American",
   VOLUME = 234,
   YEAR = 1976,
   PAGES = "118--122"
}

@ARTICLE{pinn,
   AUTHOR = "Pinn, K. and Wieczerkowski, C.",
   TITLE = "Number of Magic Squares from Parallel Tempering Monte Carlo",
   JOURNAL = "International Journal of Modern Physics C",
   VOLUME = 9,
   YEAR = 1998,
   PAGES = "541--547"
}
